<record xmlns="http://www.loc.gov/MARC21/slim">
   <leader>01359ccm a2200337 a 4500</leader>
   <controlfield tag="001">1345043</controlfield>
   <controlfield tag="005">19900526114135.8</controlfield>
   <controlfield tag="008">901220r19851747enkts a  b     n    eng d</controlfield>
   <datafield ind1=" " ind2=" " tag="010">
      <subfield code="a">   87750408 /M/r90</subfield>
   </datafield>
   <datafield ind1=" " ind2=" " tag="035">
      <subfield code="a">ocm14876277</subfield>
   </datafield>
   <datafield ind1=" " ind2=" " tag="040">
      <subfield code="a">DLC</subfield>
      <subfield code="b">eng</subfield>
      <subfield code="c">DLC</subfield>
      <subfield code="d">DLC</subfield>
   </datafield>
   <datafield ind1=" " ind2=" " tag="048">
      <subfield code="a">sa02</subfield>
      <subfield code="a">ke</subfield>
   </datafield>
   <datafield ind1=" " ind2=" " tag="049">
      <subfield code="a">AEU</subfield>
      <subfield code="b">eng</subfield>
   </datafield>
   <datafield ind1="0" ind2="0" tag="050">
      <subfield code="a">M312.4</subfield>
      <subfield code="b">.S236 op. 3 1985</subfield>
   </datafield>
   <datafield ind1="0" ind2=" " tag="090">
      <subfield code="a">M 312.4 S189 op.3 1985 folio</subfield>
   </datafield>
   <datafield ind1="1" ind2=" " tag="100">
      <subfield code="a">Sammartini, Giuseppe,</subfield>
      <subfield code="d">1695-1750.</subfield>
   </datafield>
   <datafield ind1="1" ind2="0" tag="240">
      <subfield code="a">Trio sonatas,</subfield>
      <subfield code="m">violins, continuo,</subfield>
      <subfield code="n">op. 3</subfield>
   </datafield>
   <datafield ind1="0" ind2="0" tag="245">
      <subfield code="a">Twelve sonatas for two violins and continuo, opus 3</subfield>
      <subfield code="h">[music] /</subfield>
      <subfield code="c">Giuseppe Sammartini.</subfield>
   </datafield>
   <datafield ind1=" " ind2=" " tag="260">
      <subfield code="a">Huntingdon, England :</subfield>
      <subfield code="b">Kings Music,</subfield>
      <subfield code="c">[1985]</subfield>
   </datafield>
   <datafield ind1=" " ind2=" " tag="300">
      <subfield code="a">4 parts ;</subfield>
      <subfield code="c">31 cm.</subfield>
   </datafield>
   <datafield ind1=" " ind2=" " tag="336">
      <subfield code="a">notated music</subfield>
      <subfield code="b">ntm</subfield>
      <subfield code="2">rdacontent</subfield>
   </datafield>
   <datafield ind1=" " ind2=" " tag="337">
      <subfield code="a">unmediated</subfield>
      <subfield code="b">n</subfield>
      <subfield code="2">rdamedia</subfield>
   </datafield>
   <datafield ind1="1" ind2=" " tag="490">
      <subfield code="a">Chamber music from Georgian England. Trio sonatas.</subfield>
      <subfield code="v">CM6</subfield>
   </datafield>
   <datafield ind1=" " ind2=" " tag="500">
      <subfield code="a">Cover title.</subfield>
   </datafield>
   <datafield ind1=" " ind2=" " tag="500">
      <subfield code="a">Reprint. Originally published: London : I. Walsh, 1747.</subfield>
   </datafield>
   <datafield ind1=" " ind2=" " tag="500">
      <subfield code="a">Figured bass unrealized; includes 2 copies of the figured bass part.</subfield>
   </datafield>
   <datafield ind1=" " ind2=" " tag="504">
      <subfield code="a">Bibliography: p. [i], violin I part.</subfield>
   </datafield>
   <datafield ind1=" " ind2=" " tag="596">
      <subfield code="a">43</subfield>
   </datafield>
   <datafield ind1=" " ind2="0" tag="650">
      <subfield code="a">Trio sonatas (Violins (2), continuo)</subfield>
      <subfield code="v">Parts.</subfield>
   </datafield>
   <datafield ind1=" " ind2="0" tag="830">
      <subfield code="a">Chamber music from Georgian England.</subfield>
      <subfield code="p">Trio sonatas. ;</subfield>
      <subfield code="v">CM6.</subfield>
   </datafield>
   <datafield ind1=" " ind2=" " tag="926">
      <subfield code="a">M 312.4 S189 op.3 1985 folio</subfield>
      <subfield code="w">LC</subfield>
      <subfield code="c">1</subfield>
      <subfield code="i">000035246214</subfield>
      <subfield code="d">6/21/2005</subfield>
      <subfield code="e">6/8/2005</subfield>
      <subfield code="l">MUSIC</subfield>
      <subfield code="m">UAHSS</subfield>
      <subfield code="n">4</subfield>
      <subfield code="p">$150.00</subfield>
      <subfield code="r">Y</subfield>
      <subfield code="s">Y</subfield>
      <subfield code="t">MUSICSCORE</subfield>
      <subfield code="u">1/3/1991</subfield>
   </datafield>
</record>
